<record xmlns="http://www.openarchives.org/OAI/2.0/" xmlns:xsi="http://www.w3.org/2001/XMLSchema-instance"><header><identifier>oai:alma.34CSIC_INST:990012277140204201</identifier><datestamp>2020-02-06T08:41:03Z</datestamp><setSpec>manuscripta</setSpec></header><metadata><record xmlns="http://www.loc.gov/MARC21/slim" xmlns:xsi="http://www.w3.org/2001/XMLSchema-instance" xsi:schemaLocation="http://www.loc.gov/MARC21/slim http://www.loc.gov/standards/marcxml/schema/MARC21slim.xsd"><leader>05517ntm a2200541 i 4500</leader><controlfield tag="005">20181031100349.0</controlfield><controlfield tag="008">100406q1500    sp            000 0 ara d</controlfield><controlfield tag="001">990012277140204201</controlfield><datafield tag="035" ind1=" " ind2=" "><subfield code="a">CSIC001227714</subfield></datafield><datafield tag="035" ind1=" " ind2=" "><subfield code="a">(ES-MaCSI)001227714MAD01-Aleph</subfield></datafield><datafield tag="035" ind1=" " ind2=" "><subfield code="a">(OCoLC)1123942946
</subfield></datafield><datafield tag="040" ind1=" " ind2=" "><subfield code="a">ES-MaCSI</subfield><subfield code="b">spa</subfield></datafield><datafield tag="080" ind1=" " ind2=" "><subfield code="a">091(=411.21)</subfield></datafield><datafield tag="245" ind1="1" ind2="0"><subfield code="a">Hadices y oraciones</subfield><subfield code="h">[Manuscrito]</subfield></datafield><datafield tag="260" ind1=" " ind2=" "><subfield code="a">[S.l.],</subfield><subfield code="c">[S. f. S. XVI].</subfield></datafield><datafield tag="300" ind1=" " ind2=" "><subfield code="a">110 ff. (Una col., entre 7 y 10 líneas por pág.) :</subfield><subfield code="b">papel ;</subfield><subfield code="c">Oscilan entre 10,7 x 8 cms y 11,3 x 8,4 cms (caja: oscila entre 8,7 x 7 y 6,4 x 5,4 cm.).</subfield></datafield><datafield tag="490" ind1="0" ind2=" "><subfield code="a">Manuscripta</subfield></datafield><datafield tag="500" ind1=" " ind2=" "><subfield code="a">Incipit: (بعد البسملة). اَكَاشْتَا ًاشْ ًالشُوَانُّ كَاشُنُّ اُنْصَالِحْ ًانْلَ سِبْذَذ ذَاتُونِسْ</subfield></datafield><datafield tag="500" ind1=" " ind2=" "><subfield code="a">Explicit: اِفَاشْنُشْ دَا لُشْ مَاجُرَاشْ دَالُشْ دَا لَّا انْبِدَاِيَانْمُوَارْتَا</subfield></datafield><datafield tag="500" ind1=" " ind2=" "><subfield code="a">Tinta marrón claro y roja (excepcionalmente para vocalización de texto árabe).</subfield></datafield><datafield tag="500" ind1=" " ind2=" "><subfield code="a">Copista: Desconocido. Varias manos.</subfield></datafield><datafield tag="500" ind1=" " ind2=" "><subfield code="a">Colofón ; Características especiales ; Ilustración: No.</subfield></datafield><datafield tag="500" ind1=" " ind2=" "><subfield code="a">Ilustraciones: Motivos vegetales, cenefas y tres puntos en forma de pirámide, todo ello de forma esporádica.</subfield></datafield><datafield tag="500" ind1=" " ind2=" "><subfield code="a">Tipo de cuaderno: Sexternos, septernos y de nueve bifolios.</subfield></datafield><datafield tag="500" ind1=" " ind2=" "><subfield code="a">Deterioros: Cortes muy deteriorados. Suciedad en el papel. Esquinas externas superior e inferior dobladas y ahumadas. Bordes externos de la encuadernación desaparecidos.</subfield></datafield><datafield tag="500" ind1=" " ind2=" "><subfield code="a">H. en blanco H.d.g.v, 47v-48r, 86r-v.</subfield></datafield><datafield tag="500" ind1=" " ind2=" "><subfield code="a">H. dañadas, mutiladas, sueltas: No.</subfield></datafield><datafield tag="500" ind1=" " ind2=" "><subfield code="a">H. faltan o añadidas: Falta la última hoja del último cuaderno. Probablemente falte cuaderno entre ff. 58 y 59.</subfield></datafield><datafield tag="500" ind1=" " ind2=" "><subfield code="a">Foliación: 1-109. Moderna, a lápiz, en el margen superior o inferior del recto de cada folio.</subfield></datafield><datafield tag="500" ind1=" " ind2=" "><subfield code="a">Reclamos ; Signatura cuaderno: No.</subfield></datafield><datafield tag="500" ind1=" " ind2=" "><subfield code="a">Pautado: Ff. 87-109, a lápiz de color marrón; el resto del volumen sin pautado visible.</subfield></datafield><datafield tag="500" ind1=" " ind2=" "><subfield code="a">Filigrana: No se aprecia.</subfield></datafield><datafield tag="500" ind1=" " ind2=" "><subfield code="a">Anotaciones: El recto de la primera hoja de guarda se reproduce el “Açalá de la noche de aljumua”.</subfield></datafield><datafield tag="500" ind1=" " ind2=" "><subfield code="a">Signatura antigua: Junta 55</subfield></datafield><datafield tag="510" ind1="3" ind2=" "><subfield code="a">Descripción: Julián Ribera y Miguel Asín, Manuscritos árabes y aljamiados de la Biblioteca de la Junta, Madrid, Junta para Ampliación de Estudios e Investigaciones Científicas, 1912, pp. 200-201.</subfield></datafield><datafield tag="510" ind1="4" ind2=" "><subfield code="a">Bibliografía: Alfredo Mateos y Juan Carlos Villaverde (eds.), Memoria de los moriscos. Escritos y relatos de una diáspora cultural, Madrid, SECC, 2010, pp. 179-181 (reproducción, p. 179). María José Cervera Fras, Manuscritos moriscos aragoneses, Zaragoza, IEIOP, 2010 (reproducción, p. 35).</subfield></datafield><datafield tag="520" ind1=" " ind2=" "><subfield code="a">1r-21r. “Aqueste es el sueño que soñó un salih en la cibdad de Túneç”. 21v-44r. “Este es el alhadiç de Cilmén el-Ferecío” 44v-47r. “Aqueste es el alhadiz de lal muerte de Muça”. 48v-56v. “Este es el açalá del muerto”. 56v-58v. Este es el açalá de la crietura”. Ápodo. 59r-72r. [Fiestas de los meses musulmanes.] Acéfalo. 72v-73r. “Los nombres de las lunas”. 73v-85v. [Fragmentos del Corán.] 87r-109v. “Esti es el açalá del muerto”.</subfield></datafield><datafield tag="530" ind1=" " ind2=" "><subfield code="a">María Pilar Martínez Olmo, Colección de manuscritos árabes y aljamiados de la Biblioteca del Instituto de Filología del CSIC [recurso electrónico]: los manuscritos de la Junta, Madrid, CSIC, 1998, 4 Cd-Rom.</subfield></datafield><datafield tag="541" ind1=" " ind2=" "><subfield code="a">Procedencia: Almonacid de la Sierra.</subfield><subfield code="d">Ingreso: Junio de 1910.</subfield></datafield><datafield tag="546" ind1=" " ind2=" "><subfield code="a">Aljamía y árabe</subfield><subfield code="b">con escritura magrebí</subfield></datafield><datafield tag="563" ind1=" " ind2=" "><subfield code="a">De época, con relieves. Sobre la primera contratapa, hay pegada, a modo de hoja de guarda fija, un papel pintado con motivos florales y frutales, muy mal conservado, en rojo, verde y negro.</subfield></datafield><datafield tag="594" ind1=" " ind2="1"><subfield code="a">Responsabilidad desconocida</subfield></datafield><datafield tag="595" ind1=" " ind2=" "><subfield code="a">Miguel Ángel Vázquez, De la muerte y otras cuestiones moriscas. Ms. J55 del Instituto Miguel Asín, Memoria de licenciatura, Universidad de Puerto Rico, 1991.</subfield></datafield><datafield tag="650" ind1=" " ind2="7"><subfield code="a">Manuscritos árabes.</subfield><subfield code="2">CSICAU</subfield></datafield><datafield tag="650" ind1=" " ind2="7"><subfield code="a">Manuscritos aljamiados.</subfield><subfield code="2">CSICAU</subfield></datafield><datafield tag="830" ind1=" " ind2="0"><subfield code="a">Manuscripta</subfield></datafield><datafield tag="856" ind1="4" ind2="1"><subfield code="u">http://aleph.csic.es/imagenes/mad01/0006_PMSC/P_001227714_651296_V00.pdf</subfield><subfield code="z">Descargar Pdf completo (12M)</subfield><subfield code="m">CSIC</subfield></datafield><datafield tag="856" ind1="4" ind2="1"><subfield code="u">http://simurg.bibliotecas.csic.es/viewer/image/CSIC001227714/1/</subfield><subfield code="z">Ver texto completo en SIMURG, el portal de fondos digitalizados del CSIC</subfield><subfield code="m">CSIC</subfield></datafield><datafield tag="856" ind1="4" ind2="1"><subfield code="u">http://aleph.csic.es/imagenes/mad01/0006_PMSC/html/001227714.html</subfield><subfield code="z">Ver texto completo en Bookreader</subfield></datafield></record></metadata></record>